% Dummy reference
@book{kottwitz2011,
  title={LaTeX beginner's guide},
  author={Kottwitz, Stefan},
  year={2011},
  publisher={Packt Publishing Ltd}
}